@article{van2018representation,
  title={Representation learning with contrastive predictive coding},
  author={Van den Oord, Aaron and Li, Yazhe and Vinyals, Oriol},
  journal={arXiv e-prints},
  pages={arXiv--1807},
  year={2018}
}

@inproceedings{chen2021exploring,
  title={Exploring simple siamese representation learning},
  author={Chen, Xinlei and He, Kaiming},
  booktitle={Proceedings of the IEEE/CVF Conference on Computer Vision and Pattern Recognition},
  pages={15750--15758},
  year={2021}
}

@article{gao2021simcse,
  title={Simcse: Simple contrastive learning of sentence embeddings},
  author={Gao, Tianyu and Yao, Xingcheng and Chen, Danqi},
  journal={arXiv preprint arXiv:2104.08821},
  year={2021}
}

@inproceedings{zbontar2021barlow,
  title={Barlow twins: Self-supervised learning via redundancy reduction},
  author={Zbontar, Jure and Jing, Li and Misra, Ishan and LeCun, Yann and Deny, St{\'e}phane},
  booktitle={International Conference on Machine Learning},
  pages={12310--12320},
  year={2021},
  organization={PMLR}
}

@inproceedings{he2022masked,
  title={Masked autoencoders are scalable vision learners},
  author={He, Kaiming and Chen, Xinlei and Xie, Saining and Li, Yanghao and Doll{\'a}r, Piotr and Girshick, Ross},
  booktitle={Proceedings of the IEEE/CVF Conference on Computer Vision and Pattern Recognition},
  pages={16000--16009},
  year={2022}
}

@inproceedings{caron2021emerging,
  title={Emerging properties in self-supervised vision transformers},
  author={Caron, Mathilde and Touvron, Hugo and Misra, Ishan and J{\'e}gou, Herv{\'e} and Mairal, Julien and Bojanowski, Piotr and Joulin, Armand},
  booktitle={Proceedings of the IEEE/CVF International Conference on Computer Vision},
  pages={9650--9660},
  year={2021}
}

@article{hinton2015distilling,
  title={Distilling the knowledge in a neural network},
  author={Hinton, Geoffrey and Vinyals, Oriol and Dean, Jeff and others},
  journal={arXiv preprint arXiv:1503.02531},
  volume={2},
  number={7},
  year={2015}
}

@article{rethmeier2021primer,
  title={A primer on contrastive pretraining in language processing: Methods, lessons learned and perspectives},
  author={Rethmeier, Nils and Augenstein, Isabelle},
  journal={arXiv preprint arXiv:2102.12982},
  year={2021}
}